<marc:record xmlns:marc="http://www.loc.gov/MARC21/slim" xmlns:xsi="http://www.w3.org/2001/XMLSchema-instance" xsi:schemaLocation="http://www.loc.gov/MARC21/slim http://www.loc.gov/standards/marcxml/schema/MARC21slim.xsd">
<marc:leader>00620nkm a22     7i 4500</marc:leader>
<marc:controlfield tag="001">1493975</marc:controlfield>
<marc:controlfield tag="003">NL-AMISG</marc:controlfield>
<marc:controlfield tag="005">20150202114329.0</marc:controlfield>
<marc:controlfield tag="008">150202s1980    fr                  fra d</marc:controlfield>
<marc:datafield ind1=" " ind2=" " tag="040">
	<marc:subfield code="a">NL-AMISG</marc:subfield>
</marc:datafield>
<marc:datafield ind1=" " ind2=" " tag="041">
	<marc:subfield code="a">fra</marc:subfield>
</marc:datafield>
<marc:datafield ind1=" " ind2=" " tag="044">
	<marc:subfield code="a">fr</marc:subfield>
</marc:datafield>
<marc:datafield ind1="1" ind2=" " tag="100">
	<marc:subfield code="a">Cat, Roland</marc:subfield>
	<marc:subfield code="e">designer.</marc:subfield>
	<marc:subfield code="0">(NL-AMISG)2015439</marc:subfield>
</marc:datafield>
<marc:datafield ind1="1" ind2="3" tag="245">
	<marc:subfield code="a">La terre n'appartient pas à l'homme. </marc:subfield>
	<marc:subfield code="k">Visual document.</marc:subfield>
</marc:datafield>
<marc:datafield ind1=" " ind2=" " tag="260">
	<marc:subfield code="c">(Ca.1980)</marc:subfield>
	<marc:subfield code="e">(Paris : </marc:subfield>
	<marc:subfield code="f">Eurographic.)</marc:subfield>
</marc:datafield>
<marc:datafield ind1=" " ind2=" " tag="300">
	<marc:subfield code="g">75x76 cm.</marc:subfield>
</marc:datafield>
<marc:datafield ind1=" " ind2=" " tag="500">
	<marc:subfield code="a">The earth does not belong to man.</marc:subfield>
</marc:datafield>
<marc:datafield ind1=" " ind2=" " tag="540">
	<marc:subfield code="a">Copyright unknown.</marc:subfield>
</marc:datafield>
<marc:datafield ind1=" " ind2=" " tag="542">
	<marc:subfield code="m">closed</marc:subfield>
</marc:datafield>
<marc:datafield ind1=" " ind2="4" tag="648">
	<marc:subfield code="a">1980-1990.</marc:subfield>
</marc:datafield>
<marc:datafield ind1=" " ind2="4" tag="650">
	<marc:subfield code="a">Environment protection.</marc:subfield>
	<marc:subfield code="0">(NL-AMISG)158032</marc:subfield>
</marc:datafield>
<marc:datafield ind1=" " ind2="4" tag="651">
	<marc:subfield code="a">France.</marc:subfield>
	<marc:subfield code="0">(NL-AMISG)127741</marc:subfield>
</marc:datafield>
<marc:datafield ind1=" " ind2="4" tag="655">
	<marc:subfield code="a">Poster.</marc:subfield>
	<marc:subfield code="0">(NL-AMISG)3248</marc:subfield>
</marc:datafield>
<marc:datafield ind1="2" ind2=" " tag="710">
	<marc:subfield code="a">Greenpeace.</marc:subfield>
	<marc:subfield code="b">France.</marc:subfield>
	<marc:subfield code="0">(NL-AMISG)487953</marc:subfield>
</marc:datafield>
<marc:datafield ind1=" " ind2=" " tag="902">
	<marc:subfield code="a">10622/92393D5E-AAD0-11E4-95F4-40BD569A2AE7</marc:subfield>
</marc:datafield>
<marc:datafield ind1="4" ind2=" " tag="852">
	<marc:subfield code="a">IISG</marc:subfield>
	<marc:subfield code="b">IISG</marc:subfield>
	<marc:subfield code="c">IISG</marc:subfield>
	<marc:subfield code="j">BG E48/134</marc:subfield>
	<marc:subfield code="n">Available</marc:subfield>
	<marc:subfield code="p">30051003227326</marc:subfield>
</marc:datafield>
<marc:datafield ind1=" " ind2=" " tag="901">
	<marc:subfield code="a">1493975</marc:subfield>
	<marc:subfield code="b"/>
	<marc:subfield code="c">1493975</marc:subfield>
	<marc:subfield code="t">biblio</marc:subfield>
</marc:datafield>
</marc:record>